<record><leader>00000cas a2200000 a 4500</leader><controlfield tag="001">31217426</controlfield><controlfield tag="008">941004c19799999cauwr ne      0    0eng c</controlfield><datafield ind1=" " ind2=" " tag="010"><subfield code="a">sn 97060678 </subfield></datafield><datafield ind1=" " ind2=" " tag="040"><subfield code="a">JRS</subfield><subfield code="b">eng</subfield><subfield code="c">JRS</subfield><subfield code="d">OHI</subfield><subfield code="d">CNK</subfield><subfield code="d">OCLCQ</subfield><subfield code="d">CNK</subfield><subfield code="d">OCLCQ</subfield><subfield code="d">OCLCF</subfield><subfield code="d">OCLCO</subfield></datafield><datafield ind1="1" ind2=" " tag="029"><subfield code="a">AU@</subfield><subfield code="b">000013136932</subfield></datafield><datafield ind1=" " ind2=" " tag="042"><subfield code="a">pcc</subfield></datafield><datafield ind1=" " ind2=" " tag="043"><subfield code="a">n-us-ca</subfield></datafield><datafield ind1="0" ind2="4" tag="245"><subfield code="a">The Grapevine independent.</subfield></datafield><datafield ind1="1" ind2=" " tag="246"><subfield code="i">Published occasionally as:</subfield><subfield code="a">Independent</subfield><subfield code="f">Oct. 7, 1987-Feb. 17, 1988</subfield></datafield><datafield ind1="1" ind2=" " tag="246"><subfield code="i">Published occasionally as:</subfield><subfield code="a">Rancho Cordova grapevine independent</subfield><subfield code="f">Mar. 3-Apr. 20, 1988, Sept. 13-Dec. 29, 1989</subfield></datafield><datafield ind1=" " ind2=" " tag="260"><subfield code="a">Rancho Cordova, CA :</subfield><subfield code="b">Doug Hawkes</subfield></datafield><datafield ind1=" " ind2=" " tag="300"><subfield code="a">v.</subfield></datafield><datafield ind1=" " ind2=" " tag="310"><subfield code="a">Weekly</subfield></datafield><datafield ind1="0" ind2=" " tag="362"><subfield code="a">12th year, no. 16 (Aug. 8, 1979)-</subfield></datafield><datafield ind1=" " ind2=" " tag="530"><subfield code="a">Master negatives are available for duplication from:</subfield><subfield code="b">California Newspaper Microfilm Archive;</subfield><subfield code="c">positive copies may be purchased by the reel; for further information consult the CNMA at:</subfield><subfield code="u">http://cbsr.ucr.edu</subfield></datafield><datafield ind1=" " ind2="0" tag="651"><subfield code="a">Rancho Cordova (Calif.)</subfield><subfield code="v">Newspapers.</subfield></datafield><datafield ind1=" " ind2="7" tag="655"><subfield code="a">Newspapers.</subfield><subfield code="2">fast</subfield><subfield code="0">(OCoLC)fst01423814</subfield></datafield><datafield ind1=" " ind2="7" tag="651"><subfield code="a">California</subfield><subfield code="z">Rancho Cordova.</subfield><subfield code="2">fast</subfield><subfield code="0">(OCoLC)fst01231494</subfield></datafield><datafield ind1=" " ind2=" " tag="752"><subfield code="a">United States</subfield><subfield code="b">California</subfield><subfield code="c">Sacramento</subfield><subfield code="d">Rancho Cordova.</subfield></datafield><datafield ind1="0" ind2="0" tag="780"><subfield code="t">Grapevine (Rancho Cordova, Calif.)</subfield><subfield code="w">(DLC)sn 95061855</subfield></datafield></record>